<record><leader>00000cas a2200000 a 4500</leader><controlfield tag="001">14116998</controlfield><controlfield tag="008">860820c19579999nyuwr ne      0   c0ukr  </controlfield><datafield ind1=" " ind2=" " tag="010"><subfield code="a">sn 86071850 </subfield></datafield><datafield ind1=" " ind2=" " tag="040"><subfield code="a">DLC</subfield><subfield code="b">eng</subfield><subfield code="c">DLC</subfield><subfield code="d">NSD</subfield><subfield code="d">YOX</subfield><subfield code="d">DLC</subfield><subfield code="d">NVF</subfield><subfield code="d">CRL</subfield><subfield code="d">OCLCQ</subfield><subfield code="d">DLC</subfield><subfield code="d">OCLCF</subfield><subfield code="d">OCLCO</subfield></datafield><datafield ind1=" " ind2=" " tag="012"><subfield code="l">1</subfield></datafield><datafield ind1="0" ind2=" " tag="022"><subfield code="a">1055-2413</subfield><subfield code="l">1055-2413</subfield><subfield code="2">1</subfield></datafield><datafield ind1="1" ind2=" " tag="029"><subfield code="a">AU@</subfield><subfield code="b">000020128179</subfield></datafield><datafield ind1=" " ind2=" " tag="032"><subfield code="a">646980</subfield><subfield code="b">USPS</subfield></datafield><datafield ind1=" " ind2=" " tag="037"><subfield code="a">Ukrainian Daily News, Inc., 85 East 4th St., NY, NY 10003</subfield></datafield><datafield ind1="0" ind2=" " tag="041"><subfield code="a">ukreng</subfield></datafield><datafield ind1=" " ind2=" " tag="042"><subfield code="a">pcc</subfield><subfield code="a">nsdp</subfield></datafield><datafield ind1=" " ind2=" " tag="043"><subfield code="a">n-us-ny</subfield><subfield code="a">n-us-mi</subfield></datafield><datafield ind1="0" ind2="0" tag="050"><subfield code="a">Newspaper</subfield></datafield><datafield ind1="1" ind2="0" tag="082"><subfield code="a">071</subfield><subfield code="2">12</subfield></datafield><datafield ind1="0" ind2=" " tag="210"><subfield code="a">Ukr. visti</subfield></datafield><datafield ind1=" " ind2="0" tag="222"><subfield code="a">Ukrai&#776;ns&#697;ki&#768; visti</subfield></datafield><datafield ind1="0" ind2="0" tag="245"><subfield code="a">Ukrai&#776;ns&#697;ki visti =</subfield><subfield code="b">The Ukrainian news.</subfield></datafield><datafield ind1="1" ind2="0" tag="246"><subfield code="a">Ukrainian-American</subfield></datafield><datafield ind1="1" ind2="0" tag="246"><subfield code="a">Ukrainian news</subfield></datafield><datafield ind1="3" ind2="1" tag="246"><subfield code="a">Ukrainian news</subfield></datafield><datafield ind1=" " ind2=" " tag="260"><subfield code="a">New York, N.Y. :</subfield><subfield code="b">Ukrainian Daily News, Inc.,</subfield><subfield code="c">1957-</subfield></datafield><datafield ind1=" " ind2=" " tag="300"><subfield code="a">v.</subfield></datafield><datafield ind1=" " ind2=" " tag="310"><subfield code="a">Weekly</subfield></datafield><datafield ind1="0" ind2=" " tag="362"><subfield code="a">Rik 38, u. 1 (3 sich. 1957)-   = 13,968-</subfield></datafield><datafield ind1=" " ind2=" " tag="500"><subfield code="a">Published in Detroit, Mich., &lt;Jan. 7, 1996&gt;-</subfield></datafield><datafield ind1=" " ind2=" " tag="515"><subfield code="a">English language issues for Apr. 3-Oct. 16, 1980 have separate numbering: v. 61 [i.e. 60?], no. 4-10, but retain sequential whole numbering.</subfield></datafield><datafield ind1=" " ind2=" " tag="530"><subfield code="a">Available on microfilm from the Library of Congress, Photoduplication Service.</subfield></datafield><datafield ind1=" " ind2=" " tag="546"><subfield code="a">In Ukrainian with some English.</subfield></datafield><datafield ind1=" " ind2=" " tag="580"><subfield code="a">Following the absorption of The Ukrainian-American, one issue per month published in English with title: The Ukrainian American, Oct. 6-Dec. 1, 1977; then: Ukrainian news, Jan. 5, 1978-&lt;1995&gt;</subfield></datafield><datafield ind1=" " ind2="0" tag="650"><subfield code="a">Ukrainians</subfield><subfield code="z">United States</subfield><subfield code="v">Newspapers.</subfield></datafield><datafield ind1=" " ind2="0" tag="650"><subfield code="a">Ukrainian Americans</subfield><subfield code="v">Newspapers.</subfield></datafield><datafield ind1=" " ind2="0" tag="651"><subfield code="a">Detroit (Mich.)</subfield><subfield code="v">Newspapers.</subfield></datafield><datafield ind1=" " ind2="0" tag="651"><subfield code="a">New York (N.Y.)</subfield><subfield code="v">Newspapers.</subfield></datafield><datafield ind1=" " ind2="7" tag="655"><subfield code="a">Newspapers.</subfield><subfield code="2">fast</subfield><subfield code="0">(OCoLC)fst01423814</subfield></datafield><datafield ind1=" " ind2="7" tag="650"><subfield code="a">Ukrainian Americans.</subfield><subfield code="2">fast</subfield><subfield code="0">(OCoLC)fst01160424</subfield></datafield><datafield ind1=" " ind2="7" tag="650"><subfield code="a">Ukrainians.</subfield><subfield code="2">fast</subfield><subfield code="0">(OCoLC)fst01160566</subfield></datafield><datafield ind1=" " ind2="7" tag="651"><subfield code="a">Michigan</subfield><subfield code="z">Detroit.</subfield><subfield code="2">fast</subfield><subfield code="0">(OCoLC)fst01205010</subfield></datafield><datafield ind1=" " ind2="7" tag="651"><subfield code="a">New York (State)</subfield><subfield code="z">New York.</subfield><subfield code="2">fast</subfield><subfield code="0">(OCoLC)fst01204333</subfield></datafield><datafield ind1=" " ind2="7" tag="651"><subfield code="a">United States.</subfield><subfield code="2">fast</subfield><subfield code="0">(OCoLC)fst01204155</subfield></datafield><datafield ind1=" " ind2=" " tag="752"><subfield code="a">United States</subfield><subfield code="b">Michigan</subfield><subfield code="c">Wayne</subfield><subfield code="d">Detroit.</subfield></datafield><datafield ind1=" " ind2=" " tag="752"><subfield code="a">United States</subfield><subfield code="b">New York</subfield><subfield code="c">New York</subfield><subfield code="d">New York.</subfield></datafield><datafield ind1="0" ind2="0" tag="780"><subfield code="t">Ukrai&#776;ns&#697;ki shchodenni visti</subfield><subfield code="w">(DLC)sn 86071644</subfield><subfield code="w">(OCoLC)13763456</subfield></datafield><datafield ind1="1" ind2="5" tag="780"><subfield code="t">Ukrainian-American (New York, N.Y. : 1973)</subfield><subfield code="w">(DLC)sn2001063844</subfield><subfield code="w">(OCoLC)48650112</subfield></datafield><datafield ind1=" " ind2=" " tag="936"><subfield code="a">Vol. 71, no. 6 (14 li&#65056;u&#65057;t. 1991 g.) LIC</subfield></datafield></record>